<record><leader>00000cas a22000007a 4500</leader><controlfield tag="001">11615434</controlfield><controlfield tag="008">850124d18521853cauwr ne      0    0eng d</controlfield><datafield ind1=" " ind2=" " tag="010"><subfield code="a">sn 85025261 </subfield></datafield><datafield ind1=" " ind2=" " tag="040"><subfield code="a">NPX</subfield><subfield code="b">eng</subfield><subfield code="c">NPX</subfield><subfield code="d">OCLCQ</subfield></datafield><datafield ind1=" " ind2=" " tag="042"><subfield code="a">msc</subfield></datafield><datafield ind1="0" ind2=" " tag="130"><subfield code="a">San Francisco weekly Whig and commercial advertiser (San Francisco, Calif. : Weekly)</subfield></datafield><datafield ind1="1" ind2="0" tag="245"><subfield code="a">San Francisco weekly Whig and commercial advertiser.</subfield></datafield><datafield ind1="1" ind2="3" tag="246"><subfield code="a">Whig and advertiser</subfield></datafield><datafield ind1=" " ind2=" " tag="260"><subfield code="a">San Francisco, Calif. :</subfield><subfield code="b">P.P. Hull &amp; Co.</subfield></datafield><datafield ind1=" " ind2=" " tag="300"><subfield code="a">v.</subfield></datafield><datafield ind1=" " ind2=" " tag="310"><subfield code="a">Weekly</subfield></datafield><datafield ind1="1" ind2=" " tag="362"><subfield code="a">Began in 1852; ceased in 1853.</subfield><subfield code="z">Cf. Gregory, W. Amer. newspapers.</subfield></datafield><datafield ind1=" " ind2=" " tag="500"><subfield code="a">Editors: James D. Whelpley, Louis R. Lull, &lt;1853&gt;.</subfield></datafield><datafield ind1=" " ind2=" " tag="588"><subfield code="a">Description based on: Vol. 2, no. 26 (June 15, 1853).</subfield></datafield><datafield ind1=" " ind2=" " tag="752"><subfield code="a">United States</subfield><subfield code="b">California</subfield><subfield code="c">San Francisco</subfield><subfield code="d">San Francisco.</subfield></datafield><datafield ind1="0" ind2=" " tag="775"><subfield code="t">San Francisco daily Whig and commercial advertiser</subfield><subfield code="w">(DLC)sn 84027225</subfield></datafield><datafield ind1="0" ind2=" " tag="775"><subfield code="t">San Francisco weekly Whig and commercial advertiser (San Francisco, Calif. : Steamer)</subfield></datafield><datafield ind1="1" ind2=" " tag="029"><subfield code="a">AU@</subfield><subfield code="b">000025818491</subfield></datafield></record>